<?xml version="1.0" encoding="UTF-8"?>
<record xmlns="http://www.loc.gov/MARC21/slim">
  <leader>02073nam a2200325Ia 4500</leader>
  <controlfield tag="001">2775534</controlfield>
  <controlfield tag="005">20070129231300.0</controlfield>
  <controlfield tag="008">811203s1838    mau           000 0 eng  </controlfield>
  <datafield tag="010" ind1=" " ind2=" ">
    <subfield code="a">   11006638 </subfield>
  </datafield>
  <datafield tag="035" ind1=" " ind2=" ">
    <subfield code="a">ocm46729328</subfield>
  </datafield>
  <datafield tag="040" ind1=" " ind2=" ">
    <subfield code="a">DLC</subfield>
    <subfield code="c">DLC</subfield>
    <subfield code="d">BRL</subfield>
  </datafield>
  <datafield tag="049" ind1=" " ind2=" ">
    <subfield code="a">BRLL</subfield>
  </datafield>
  <datafield tag="050" ind1="0" ind2="0">
    <subfield code="a">E449</subfield>
    <subfield code="b">.C75</subfield>
  </datafield>
  <datafield tag="099" ind1=" " ind2=" ">
    <subfield code="a">Res.7589a.54 no. 6</subfield>
  </datafield>
  <datafield tag="245" ind1="0" ind2="0">
    <subfield code="a">Constitution of the ... anti-slavery society.</subfield>
  </datafield>
  <datafield tag="260" ind1=" " ind2=" ">
    <subfield code="a">Boston :</subfield>
    <subfield code="b">Printed by Isaac Knapp,</subfield>
    <subfield code="c">1838.</subfield>
  </datafield>
  <datafield tag="300" ind1=" " ind2=" ">
    <subfield code="a">12 p. ;</subfield>
    <subfield code="c">15 x 9 cm.</subfield>
  </datafield>
  <datafield tag="500" ind1=" " ind2=" ">
    <subfield code="a">Ellipsis in title refers to a blank space apparently intended to be occupied by the name of a new anti-slavery society.</subfield>
  </datafield>
  <datafield tag="500" ind1=" " ind2=" ">
    <subfield code="a">Evidently issued as a suggestion for those interested in forming new societies.</subfield>
  </datafield>
  <datafield tag="505" ind1="0" ind2=" ">
    <subfield code="a">Constitution -- Declaration of the Anti-slavery convention assembled in Philadelphia, December 4, 1833 -- Constitution of the American anti-slavery society -- Constitution of the Massachusetts anti-slavery society.</subfield>
  </datafield>
  <datafield tag="510" ind1="4" ind2=" ">
    <subfield code="a">Checklist Amer. imprints,</subfield>
    <subfield code="c">49874</subfield>
  </datafield>
  <datafield tag="590" ind1=" " ind2=" ">
    <subfield code="a">Bound volume includes: 1. Address to the friends of liberty -- 2. The constitution of the American Anti-Slavery Society -- 3. Constitution of the Baptist Anti-slavery Society, Providence -- 4. British and Foreign AntiSlavery Society -- 5. A vindication of female anti-slavery associations -- 6. Constitution of the ... Anti-Slavery Society -- 7. Work for abolitionists!! -- 8. Constitution of the New-England Anti-Slavery Society -- 9. An apology for abolitionists -- 10. The constitution of the Pennsylvania Society, for Promoting the Abolition of Slavery and the relief of free Negroes (1787) -- 11. The constitution of the Pennsylvania Society, for Promoting the Abolition of Slavery, and the relief of Free Negroes (1788).</subfield>
  </datafield>
  <datafield tag="650" ind1=" " ind2="0">
    <subfield code="a">Slavery</subfield>
    <subfield code="z">United States</subfield>
    <subfield code="x">Societies, etc.</subfield>
  </datafield>
  <datafield tag="710" ind1="2" ind2=" ">
    <subfield code="a">American Anti-Slavery Society.</subfield>
  </datafield>
  <datafield tag="710" ind1="2" ind2=" ">
    <subfield code="a">Massachusetts Anti-Slavery Society.</subfield>
  </datafield>
  <datafield tag="852" ind1=" " ind2=" ">
    <subfield code="k">7589a.54 No. 6</subfield>
  </datafield>
  <datafield tag="910" ind1=" " ind2=" ">
    <subfield code="a">rcp2873</subfield>
  </datafield>
  <datafield tag="994" ind1=" " ind2=" ">
    <subfield code="a">02</subfield>
    <subfield code="b">BRL</subfield>
  </datafield>
  <datafield tag="999" ind1=" " ind2=" ">
    <subfield code="a">Item location may need correction--conversion from Bates Hall catalog.</subfield>
  </datafield>
  <datafield tag="999" ind1=" " ind2=" ">
    <subfield code="a">OCLC recon project 2002/03.</subfield>
  </datafield>
</record>
